<record><leader>00000cas a22000007a 4500</leader><controlfield tag="001">9821880</controlfield><controlfield tag="008">830818d1909191uksuwr ne      0    0eng d</controlfield><datafield ind1=" " ind2=" " tag="010"><subfield code="a">sn 83040441 </subfield></datafield><datafield ind1=" " ind2=" " tag="040"><subfield code="a">KSH</subfield><subfield code="b">eng</subfield><subfield code="c">KSH</subfield><subfield code="d">NPT</subfield><subfield code="d">OCLCQ</subfield></datafield><datafield ind1=" " ind2=" " tag="042"><subfield code="a">msc</subfield></datafield><datafield ind1=" " ind2=" " tag="043"><subfield code="a">n-us-ks</subfield></datafield><datafield ind1="0" ind2="0" tag="245"><subfield code="a">Benton record.</subfield></datafield><datafield ind1=" " ind2=" " tag="260"><subfield code="a">Benton, Kan. :</subfield><subfield code="b">J.E. Dancy</subfield></datafield><datafield ind1=" " ind2=" " tag="300"><subfield code="a">v. :</subfield><subfield code="b">ill. ;</subfield><subfield code="c">49-54 cm.</subfield></datafield><datafield ind1=" " ind2=" " tag="310"><subfield code="a">Weekly</subfield></datafield><datafield ind1="1" ind2=" " tag="362"><subfield code="a">Began in 1909.</subfield><subfield code="z">Cf. Ayer, 1910; ceased with Mar. 27, 1913 issue?</subfield></datafield><datafield ind1="1" ind2=" " tag="362"><subfield code="a">Ceased with Mar. 27, 1913 issue?</subfield></datafield><datafield ind1=" " ind2=" " tag="500"><subfield code="a">Published on Thursday.</subfield></datafield><datafield ind1=" " ind2=" " tag="588"><subfield code="a">Description based on: V. 1, no. 28 (Mar. 3, 1910).</subfield></datafield><datafield ind1="1" ind2=" " tag="700"><subfield code="a">Dancy, J. E.</subfield><subfield code="q">(James Everet)</subfield></datafield><datafield ind1=" " ind2=" " tag="752"><subfield code="a">United States</subfield><subfield code="b">Kansas</subfield><subfield code="c">Butler</subfield><subfield code="d">Benton.</subfield></datafield><datafield ind1="0" ind2="0" tag="785"><subfield code="t">Potwin record</subfield><subfield code="w">(DLC)sn 83040505</subfield></datafield><datafield ind1="1" ind2=" " tag="029"><subfield code="a">AU@</subfield><subfield code="b">000025796637</subfield></datafield></record>